@unpublished{unpublished-xshooter-data-release,
author = {Anaïs {Gonneau} and M. {Lyubenova} and A. {Lançon} and S. C. {Trager} and R. F. {Peletier} and A. {Arentsen} and Y.-P. {Chen} and P. R. T. {Coelho} and M. {Dries} and J. {Falcón-Barroso} and P. {Prugniel} and P. {Sánchez-Blázquez} and A. {Vazdekis} and K. {Verro}},
title = {The X-Shooter Spectral Library (XSL): Data Release 2},
note = {submitted to Astronomy & Astrophysics}
}

@inproceedings{Chen2014TheXS,
  title={The X-shooter Spectral Library (XSL) - I. DR1: Near-ultraviolet through optical spectra from the first year of the survey},
  author={Yan-Ping Chen and Scott C. Trager and Reynier F. Peletier and Ariane Lanccon and Alexandre Vazdekis Vazdekis and Ph. Prugniel and D. Rodrigues Silva and Anais Gonneau},
  year={2014}
}