@misc{wiki:astro_spectroscopy,
   author = "{Wikipedia contributors}",
   title = "Astronomical Spectroscopy --- {W}ikipedia{,} The Free Encyclopedia",
   url = "https://en.wikipedia.org/wiki/Astronomical_spectroscopy",
   note = "[Online; accessed 06-April-2019]"
 }

@article{seifahrt2010precise,
  title={Precise Modelling of Telluric Features in Astronomical Spectra},
  author={Seifahrt, Andreas and K{\"a}ufl, Hans Ulrich and Z{\"a}ngl, G{\"u}nther and Bean, Jacob and Richter, Matthew and Siebenmorgen, Ralf},
  journal={The Messenger},
  volume={142},
  pages={21--24},
  year={2010}
}

@misc{spectrograph_aus,
  author = {Australia Telescope National Facility},
  title = {Obtaining Astronomical Spectra - {S}pectrographs},
  url = {https://www.atnf.csiro.au/outreach//education/senior/astrophysics/spectrographs.html},
  note = "[Online; accessed 06-April-2019]"
}

@article{catanzaro1997high,
  title={High resolution spectral atlas of telluric lines},
  author={Catanzaro, G},
  journal={Astrophysics and space science},
  volume={257},
  number={1},
  pages={161--170},
  year={1997},
  publisher={Springer}
}

@article{rudolf2016modelling,
  title={Modelling telluric line spectra in the optical and infrared with an application to {VLT/X}-{S}hooter spectra},
  author={Rudolf, N and G{\"u}nther, HM and Schneider, PC and Schmitt, JHMM},
  journal={Astronomy \& Astrophysics},
  volume={585},
  pages={A113},
  year={2016},
  publisher={EDP Sciences}
}






