@article{smette2015molecfit,
  title={Molecfit: A general tool for telluric absorption correction-I. Method and application to ESO instruments},
  author={Smette, A and Sana, Hugues and Noll, S and Horst, H and Kausch, W and Kimeswenger, S and Barden, M and Szyszka, C and Jones, AM and Gallenne, A and others},
  journal={Astronomy \& Astrophysics},
  volume={576},
  pages={A77},
  year={2015},
  publisher={EDP Sciences}
}